Automatically generated by Mendeley Desktop 1.17.8
Any changes to this file will be lost if it is regenerated by Mendeley.

BibTeX export options can be customized via Options -> BibTeX in Mendeley Desktop

@article{veness2011monte,
  title={A monte-carlo aixi approximation},
  author={Veness, Joel and Ng, Kee Siong and Hutter, Marcus and Uther, William and Silver, David},
  journal={Journal of Artificial Intelligence Research},
  volume={40},
  number={1},
  pages={95--142},
  year={2011}
}

@misc{hutter2005universal,
  title={Universal AI},
  author={Hutter, Marcus},
  year={2005},
  publisher={Springer Heidelberg}
}

@article{willems1995context,
  title={The context-tree weighting method: Basic properties},
  author={Willems, Frans MJ and Shtarkov, Yuri M and Tjalkens, Tjalling J},
  journal={IEEE Transactions on Information Theory},
  volume={41},
  number={3},
  pages={653--664},
  year={1995},
  publisher={IEEE}
}

@article{kuhn1950simplified,
  title={A simplified two-person poker},
  author={Kuhn, Harold W},
  journal={Contributions to the Theory of Games},
  volume={1},
  pages={97--103},
  year={1950}
}

@inproceedings{kocsis2006bandit,
  title={Bandit based monte-carlo planning},
  author={Kocsis, Levente and Szepesv{\'a}ri, Csaba},
  booktitle={European conference on machine learning},
  pages={282--293},
  year={2006},
  organization={Springer}
}

@book{sutton1998reinforcement,
  title={Reinforcement learning: An introduction},
  author={Sutton, Richard S and Barto, Andrew G},
  volume={1},
  number={1},
  year={1998},
  publisher={MIT press Cambridge}
}


@inproceedings{veness2012context,
  title={Context tree switching},
  author={Veness, Joel and Ng, Kee Siong and Hutter, Marcus and Bowling, Michael},
  booktitle={Data Compression Conference (DCC), 2012},
  pages={327--336},
  year={2012},
  organization={IEEE}
}